% Encoding: UTF-8

############ new added references, format unchecked in this part ##############
@book{lee2018introduction,
  title={Introduction to Riemannian manifolds},
  author={Lee, John M},
  address= {London},
  year={2018},
  publisher={Springer}
}

@book{da2008lectures,
  title={Lectures on symplectic geometry},
  author={Da Silva, Ana Cannas and Da Salva, A Cannas},
  volume={3575},
  year={2008},
  publisher={Springer}
}

@book{kobayashi1963foundations,
  title={Foundations of differential geometry},
  author={Kobayashi, Shoshichi and Nomizu, Katsumi},
  volume={1},
  number={2},
  year={1963},
  publisher={New York, London}
}
@book{fecko2006differential,
  title={Differential geometry and Lie groups for physicists},
  author={Fecko, Mari{\'a}n},
  year={2006},
  publisher={Cambridge university press}
}

@book{lee2013smooth,
  title={Introduction to smooth manifolds},
  author={Lee, John M},
  address={London},
  year={2013},
  publisher={Springer}
}
@book{hartman2002ordinary,
  title={Ordinary differential equations},
  author={Hartman, Philip},
  year={2002},
  publisher={SIAM}
}
@book{humphreys2012introduction,
  title={Introduction to Lie algebras and representation theory},
  author={Humphreys, James E},
  year={2012},
  publisher={Springer Science \& Business Media}
}

@book{folland1999real,
  title={Real analysis: modern techniques and their applications},
  author={Folland, Gerald B},
  year={1999},
  publisher={John Wiley \& Sons}
}

@book{lee2006riemannian,
  title={Riemannian manifolds: an introduction to curvature},
  author={Lee, John M},
  volume={176},
  year={2006},
  publisher={Springer Science \& Business Media}
}
@book{rudin1976principles,
  title={Principles of mathematical analysis},
  author={Rudin, Walter and others},
  volume={3},
  year={1976}
}
@book{cover1999elements,
  title={Elements of information theory},
  author={Cover, Thomas M},
  year={1999},
  publisher={John Wiley \& Sons}
}
@book{fraleigh2003first,
  title={A first course in abstract algebra},
  author={Fraleigh, John B},
  year={2003},
  publisher={Pearson Education India}
}
@book{horn2012matrix,
  title={Matrix analysis},
  author={Horn, Roger A and Johnson, Charles R},
  year={2012},
  publisher={Cambridge university press}
}
@book{boyd2004convex,
  title={Convex optimization},
  author={Boyd, Stephen and Boyd, Stephen P and Vandenberghe, Lieven},
  year={2004},
  publisher={Cambridge university press}
}
@book{Aharon,
  title={OPTIMIZATION III},
  author={Aharon Ben-Tal and Arkadi Nemirovski},
  year={2013},
}
@book{van2000asymptotic,
  title={Asymptotic statistics},
  author={Van der Vaart, Aad W},
  volume={3},
  year={2000},
  publisher={Cambridge university press}
}
@book{mtnotes,
  title={Measure Theory First Handbook Notes},
  author={Christer Borell},
  year={2006},
}
@article{zhang2002covering,
  title={Covering number bounds of certain regularized linear function classes},
  author={Zhang, Tong},
  journal={Journal of Machine Learning Research},
  volume={2},
  number={Mar},
  pages={527--550},
  year={2002}
}
@article{bartlett2017spectrally,
  title={Spectrally-normalized margin bounds for neural networks},
  author={Bartlett, Peter and Foster, Dylan J and Telgarsky, Matus},
  journal={arXiv preprint arXiv:1706.08498},
  year={2017}
}
@book{Liang,
  title={s229t/stat231: Statistical learning theory (winter 2016)},
  author={Percy Liang},
  year={2016},
}
@book{Rice,
  title={Mathematical Statistics and Data Analysis},
  author={John A. Rice},
  year={2016}
 }
 @book{mitnotes,
  title={STOCHASTIC PROCESSES DECTION ESTIMATION},
 }
@article{mei2016landscape,
  title={The landscape of empirical risk for non-convex losses},
  author={Mei, Song and Bai, Yu and Montanari, Andrea},
  journal={arXiv preprint arXiv:1607.06534},
  year={2016}
}
####
#########################################  checked already ########################################
