%=========================
% Updated : Sep 13, 2010
%=========================

%%%%%%%%%%%%%%%%%%%%%%%%%%%%%%%%%%%%%%%%%%%%%%%%%%%%%%%%%%%%%%%%%%%%%%%%%%%%%%%%

@STRING{A-AP = {Annals of Appl.\ Prob.}}

@STRING{A-ISM = {Annals of Institute of Statistical Mathematics}}

@STRING{A-MS = {Annals of Mathematical Statistics}}

@STRING{A-S = {Annals of Statistics}}

@STRING{ACM-Com = {Communications of ACM}}

@STRING{ACM-STC = {Proc. ACM Symp. Theory of Comput.}}

@STRING{ACM-SDA = {Proc. ACM-SIAM Symp. Discrete Algorithms}}

@STRING{AdvAppProb = {Advance Applied Probability}}

@STRING{IEEE_C_A = {{IEEE} Aero. Conf.}}

@STRING{Allerton = {Proc. Allerton Conf. on Commun., Control and Computing}}

@STRING{AMM = {The American Mathematical Monthly}}

@STRING{Alg = {Algorithmica}}

@STRING{AP-S = {Proc. Intl. Symp. Antennas and Propagation (AP-S)}}

@STRING{AppMathLett = {Appl. Math. Lett.}}

@STRING{arxq = {\emph{e-print} quant-ph/}}

@STRING{Asilomar = {Proc. Asilomar Conf. on Signals, Systems and Computers}}

@STRING{BIOM = {Biometrika}}

@STRING{BSTJ = {Bell System Technical Journal}}

@STRING{CCECE = {Proc. Canadian Conf. on Electrical and Computer Eng.}}

@STRING{C-ICC = {Proc. IEEE Int. Conf. on Commun.}}

@STRING{C-ISS = {Proc. Conf. on {I}nform. {S}ci. and {S}ys.}}

@STRING{C-UWST = {Proc. Conf. on {U}ltra {W}ideband {S}ys. and {T}echnol.}}

@STRING{C-VTC = {Proc. IEEE {S}emiannual {V}eh. {T}echnol. {C}onf.}}

@STRING{CDC = {Proc. IEEE Conf. on Decision and Control}}

@STRING{CFCS = {Proc. Conf. Found. Comput. Sci.}}

@STRING{CISS = {Proc. Conf. on Inform. Sci. and Sys.}}

@STRING{COLT = {Proc. Conf. on Learning Theory}}

@STRING{CompNet = {Computer Networks}}

@STRING{DAM = {Discrete Appl. Math.}}

@STRING{DistComp = {Proc. ACM Symp. on Principles of Distrib. Comput.}}

@STRING{DCC = {Proc. of Data Compression Conf.}}

@STRING{Dyspan = {Proc. IEEE Int. Symp. on Dynamic Spectrum Access Networks}}

@STRING{E-WCN = {EURASIP Journal on Wireless Commun. and Networking}}

@STRING{EL = {Electron. Lett.}}

@STRING{ETSI = {European Telecommunications Standards Institute,}}

@STRING{ETT = {Europ. Trans. on Telecomm.}}

@STRING{EUSIPCO = {Proc. of European Signal Processing Conference (EUSIPCO)}}

@STRING{FUSION = {Proc. Int. Conf. on Information Fusion}}

@STRING{Globecom = {Proc. IEEE Global Telecomm. Conf.}}

@STRING{GlobecomCT = {Proc. IEEE Global Telecomm. Conf., {S}ymp. on {C}ommun. {T}heory}}

@STRING{GlobalSIP = {Proc. IEEE Global Conf. on Signal and Information Processing}}

@STRING{ICALP = {Proc. Int. Collogquium on Automata, Languages and Programming}}

@STRING{ICASSP = {Proc. IEEE Int. Conf. Acoustics, Speech, and Signal Processing}}

@STRING{ICC = {Proc. IEEE Int. Conf. on Commun.}}

@STRING{ICDCS = {Proc. {IEEE} Int. Conf. on Distributed Computing Systems}}

@STRING{ICICS = {Proc. Int. Conf. on Information, Communications and Signal Processing}}

@STRING{ICIP = {Proc. IEEE Int. Conf. on Image Processing}}

@STRING{ICMLC = {Proc. Int. Conf. on Commun. Machine Learning and Cybernetics}}

@STRING{ICNEWS = {Proc. IEEE 1st Int. Conf. on Next-Generation Wireless Systems}}

@STRING{ICPWC = {Proc. IEEE Int. Conf. on Personal Wireless Commun.}}

@STRING{ICU = {IEEE Int. Conf. on Utra-Wideband}}

@STRING{ICUPC = {Proc. IEEE Int. Conf. on Universal Personal Commun.}}

@STRING{ICUWB = {Proc. of IEEE Int. Conf. on Ubiquitous Wireless Broadband}}

@STRING{IEE_PROC_COM = {IEE Proc. Commun.}}

@STRING{IEEE = {The Institute of Electrical and Electronics Engineers}}

@STRING{IEEE_CISS = {Proc. {IEEE} Conf. on Inform. Sci. and Syst.}}

@STRING{IEEE_GLOBECOM = {Proc. {IEEE} Global Telecommun. Conf.}}

@STRING{IEEE_ICUWB = {Proc. {IEEE} Int. Conf. on Ultra Wideband}}

@STRING{IEEE_ISSSTA = {Proc. {IEEE} Int. Symp. on Spread Spectrum Techniques \& Applications}}

@STRING{IEEE_J_MC = {{IEEE} Trans. Mobile Comput.}}

@STRING{IEEE_MILCOM = {Proc. {IEEE} Military Commun. Conf.}}

@STRING{IEEE_SPAWC = {Proc. {IEEE} Workshop on Signal Proc. Advances in Wireless Commun.}}

@STRING{IEEE_UWBST = {Proc. {IEEE} Conf. on Ultra Wideband Syst. and Technol.}}

@STRING{IEEE_VTC = {Proc. {IEEE} Veh. Technol. Conf.}}

@STRING{IJWIN = {Int. J. of Wireless Inform. Network}}

@STRING{INFOCOM = {Proc. IEEE Joint Conf. of the IEEE {C}omputer and {C}ommun. Societies}}

@STRING{IPSN = {Proc. IEEE Inform. Processing in Sensor Networks}}

@STRING{IRE_J_COM = {{IRE} Trans. Commun.}}

@STRING{IRE_J_IT = {{IRE} Trans. Inform. Theory.}}

@STRING{ISAWC = {Proc. IEEE Int. Symp. on Advances in Wireless Commun.}}

@STRING{ISCAS = {IEEE Int. Symp. on Circuits and Systems}}

@STRING{ISCE = {Proc. IEEE Int. Symp. on Consumer Electronics}}

@STRING{ISFCS = {Proc. IEEE Symp. Found. Comput. Sci.}}

@STRING{ISIT = {Proc. IEEE Int. Symp. on Inform. Theory}}

@STRING{ISITA = {Proc. IEEE Int. Symp. on Inform. Theory and Its Applications}}

@String{ISPN = {Proc. Info. Processing in Sensor Networks}}

@STRING{ISSSTA = {Int. Symp. on Spread Spectrum Techniques and Applications}}

@STRING{ITA = {Inform. Theory and Applications Workshop}}

@STRING{IWCMC = {Proc. Int. Wireless Commun. and Mobile Computing}}

@STRING{IWUWBS = {Proc. of the International Workshop on Ultra Wideband Systems (IWUWBS)}}

@STRING{IZS = {Proc. IEEE Int. Zurich Seminar on Communications}}

@STRING{J-WIN = {Int. J. Wireless Info. Networks}}

@STRING{J-WireCommNet = {EURASIP J. Wireless Commun. and Networking}}

@STRING{JACM = {J. ACM}}

@STRING{J_AMS = {J. Amer. Statist. Assoc.}}

@STRING{JCN = {Int. J. of Commun. Networks}}

@STRING{JMLR = {J. Machine Learning Research}}

@STRING{KDD ={Proc. {ACM SIGKDD} Int. Conf. on Knowledge Discovery and Data Mining}}

@STRING{LA_App = {Linear Algebra and Its Appl.}}

@STRING{ManageSci = {Management Science}}

@STRING{MathComp = {Mathematics of Computation}}

@STRING{MathOR = {Math. Oper. Res.}}

@STRING{MathProg = {Math. Program. Ser B}}

@STRING{Milcom = {Proc. Military Commun. Conf.}}

@STRING{MOBICOM = {Proc. ACM/IEEE Int. Conf. on Mobile Computing and Networking}}

@STRING{MOBIHOC = {Proc. ACM Symp. on Mobile Ad Hoc Networking and Computing}}

@STRING{MobNetApp = {Mobile Networks and Applications}}

@STRING{NASA = {NASA Tech Briefs}}

@STRING{NRS = {Proc. Nordic Radio Symp.}}

@STRING{OptEng = {J. Opt. Eng.}}

@STRING{ORLett = {Oper. Res. Lett.}}

@STRING{P-IRE = {Proc. IRE}}

@STRING{PACRIM = {Proc. IEEE Pacific Rim Conf. on Commun., Computers and Signal Processing}}

@STRING{PerCom = {Proc. IEEE Int. Conf. on Pervasive Computing and Commun.}}

@STRING{PhyA = {J. Phys. A}}

@STRING{PhyRevL = {Phys. Rev. Lett.}}

@STRING{PIMRC = {Proc. IEEE Int. Symp. on Personal, Indoor and Mobile Radio Commun.}}

@STRING{PLANS = {Proc. IEEE Position Location and Navigation Symp. (PLANS)}}

@STRING{PR-A = {Phys. Rev. A}}

@STRING{PRL = {Phys. Rev. Lett.}}

@STRING{Radar = {Proc. IEEE Radar Conf.}}

@STRING{RandStructAlg = {Random Structure and Algorithms}}

@STRING{RAWCON = {Proc. IEEE Radio and Wireless Conf.}}

@STRING{SAM = {Proc. IEEE Sensor Array and Multichannel Signal Processing Workshop}}

@STRING{SENCON = {Proc. IEEE Int. Conf. on Sensing, Communication, and Networking}}

@STRING{Sarnoff = {Proc. IEEE Sarnoff Symp.}}

@STRING{SCL = {Syst. Control Lett.}}

@STRING{SIAM-R = {SIAM Review}}

@STRING{SIAM_JAM = {SIAM J. Appl. Math.}}

@STRING{SIAM_JC = {SIAM J. Comp.}}

@STRING{SIAM_JMatrix = {SIAM J. Matrix Anal. Appl.}}

@STRING{SIAM_JOpt = {SIAM J. Optim.}}

@STRING{SJ-OP = {SIAM J. of Optimization}}

@STRING{SPAWC = {Proc. IEEE Workshop on Signal Processing Advances in Wireless Commun.}}

@STRING{SPIP = {Signal Processing: Image Processing}}

@STRING{SSP = {Proc. IEEE Workshop on Statistical Signal Processing}}

@STRING{IEEE-JSTSP = "{IEEE} J. Sel. Topics Signal Process."}

@STRING{TDA = {{NASA} {T}elecomm. and {D}ata {A}cquis. {P}rog. {R}eport}}

@STRING{TPA = {Theory Prob.\ and its Applications}}

@STRING{TCS = {Theoretical Comput. Sci.}}

@STRING{UWBST = {Proc. of IEEE Conference on Ultra Wideband Systems and Technologies(UWBST)}}

@STRING{VTC = {Proc. IEEE {V}eh. {T}echnol. {C}onf.}}

@STRING{WCNC = {Proc. IEEE Wireless Commun. and Networking Conf.}}

@STRING{WireNet = {Wireless Networks}}

@STRING{WN = {Wireless Network}}

@STRING{WPMC = {Proc. Int. Symp. on Wireless Personal Multimedia Commun.}}

@STRING{WireCommMobComp = {Wireless Commun. Mob. Comput.}}

@STRING{WiOpt = {Proc. {IEEE} Int. Symp. on Modeling \& Optimization in Mobile, Ad Hoc, and Wireless Networks}}




